
@ARTICLE{Occam83,
  author = {May, D.},
  title = {{OCCAM}},
  journal = {ACM SIGPLAN Notices},
  year = {1983},
  volume = {18},
  pages = {69--79},
  number = {4},
  publisher = {ACM}
}

@MANUAL{Occam21Ref95,
  title = {occam 2.1 reference manual},
  organization = {SGS-Thompson Microelectronics Ltd., Bristol, UK},
  month = {May},
  year = {1995}
}

@MANUAL{Occam3Ref92,
  title = {occam 3 reference manual},
  author = {Barrett, Geoff},
  organization = {INMOS Ltd., Bristol, UK},
  month = {March},
  year = {1992}
}

@BOOK{Inmos88Occam2,
  title = {occam 2 Reference Manual},
  publisher = {Prentice-Hall International (UK) Ltd.},
  year = {1988},
  author = {{INMOS Ltd.}}
}

@BOOK{Inmos84Occam,
  title = {Occam Programming Manual},
  publisher = {Prentice-Hall International (UK) Ltd.},
  year = {1984},
  author = {{INMOS Ltd.}}
}

